%%%%% Introductory books %%%%%

@book {[BishBk06],
    AUTHOR = {Bishop, Christopher M.},
     TITLE = {Pattern recognition and machine learning},
    SERIES = {Information Science and Statistics},
 PUBLISHER = {Springer, New York},
      YEAR = {2006},
     PAGES = {xx+738},
      ISBN = {978-0387-31073-2; 0-387-31073-8},
   MRCLASS = {62-01 (62H30 62J05 62M45 68-01 68T05 68T10)},
  MRNUMBER = {2247587},
       DOI = {10.1007/978-0-387-45528-0},
       URL = {https://doi.org/10.1007/978-0-387-45528-0},
}

@book{[CholBk17],
	author = {Chollet, Francois},
	title = {Deep Learning with Python},
	year = {2017},
	isbn = {1617294438},
	publisher = {Manning Publications Co.},
	address = {USA},
	edition = {1st},
}


%%%%% Web Pages %%%%%
